<record><leader>00000cas a2200000 a 4500</leader><controlfield tag="001">9664054</controlfield><controlfield tag="008">830701d18771893inuwr ne      0   a0eng c</controlfield><datafield ind1=" " ind2=" " tag="010"><subfield code="a">sn 83025617 </subfield></datafield><datafield ind1=" " ind2=" " tag="040"><subfield code="a">NPV</subfield><subfield code="b">eng</subfield><subfield code="c">NPV</subfield><subfield code="d">NPX</subfield><subfield code="d">NPI</subfield><subfield code="d">YOX</subfield><subfield code="d">NVF</subfield><subfield code="d">OCLCQ</subfield><subfield code="d">KRTAS</subfield><subfield code="d">CUI</subfield><subfield code="d">OCLCQ</subfield><subfield code="d">OCLCF</subfield></datafield><datafield ind1="1" ind2=" " tag="029"><subfield code="a">AU@</subfield><subfield code="b">000025816154</subfield></datafield><datafield ind1=" " ind2=" " tag="042"><subfield code="a">pcc</subfield></datafield><datafield ind1=" " ind2=" " tag="043"><subfield code="a">n-us-in</subfield></datafield><datafield ind1=" " ind2="4" tag="050"><subfield code="a">AN</subfield></datafield><datafield ind1=" " ind2=" " tag="052"><subfield code="a">4093</subfield><subfield code="b">J5</subfield></datafield><datafield ind1="0" ind2=" " tag="130"><subfield code="a">Madison weekly courier (Madison, Ind. : 1877)</subfield></datafield><datafield ind1="1" ind2="0" tag="245"><subfield code="a">Madison weekly courier.</subfield></datafield><datafield ind1=" " ind2=" " tag="260"><subfield code="a">Madison, Ind. :</subfield><subfield code="b">Courier Co.,</subfield><subfield code="c">1877-1893.</subfield></datafield><datafield ind1=" " ind2=" " tag="300"><subfield code="a">v. :</subfield><subfield code="b">ill. (chiefly advertisements) ;</subfield><subfield code="c">64 cm.</subfield></datafield><datafield ind1=" " ind2=" " tag="310"><subfield code="a">Weekly</subfield></datafield><datafield ind1="0" ind2=" " tag="362"><subfield code="a">Vol. 39, no. 9 (Nov. 14, 1877)-v. 55, no. 49 (Aug. 30, 1893).</subfield></datafield><datafield ind1=" " ind2=" " tag="500"><subfield code="a">"Republican." Cf. Miller, John W. Indiana newspaper bibliog.</subfield></datafield><datafield ind1=" " ind2=" " tag="580"><subfield code="a">Daily eds.: Madison daily courier (Madison, Ind. : 1869), 1877-1892, and: Madison courier (Madison, Ind. : Daily), 1892-1893.</subfield></datafield><datafield ind1=" " ind2=" " tag="580"><subfield code="a">Absorbed the "Dollar weekly star" in Aug. 1884.</subfield></datafield><datafield ind1=" " ind2="0" tag="651"><subfield code="a">Madison (Ind.)</subfield><subfield code="v">Newspapers.</subfield></datafield><datafield ind1=" " ind2="0" tag="651"><subfield code="a">Jefferson County (Ind.)</subfield><subfield code="v">Newspapers.</subfield></datafield><datafield ind1=" " ind2="7" tag="655"><subfield code="a">Newspapers.</subfield><subfield code="2">fast</subfield><subfield code="0">(OCoLC)fst01423814</subfield></datafield><datafield ind1=" " ind2="7" tag="651"><subfield code="a">Indiana</subfield><subfield code="z">Jefferson County.</subfield><subfield code="2">fast</subfield><subfield code="0">(OCoLC)fst01232953</subfield></datafield><datafield ind1=" " ind2="7" tag="651"><subfield code="a">Indiana</subfield><subfield code="z">Madison.</subfield><subfield code="2">fast</subfield><subfield code="0">(OCoLC)fst01237191</subfield></datafield><datafield ind1=" " ind2=" " tag="752"><subfield code="a">United States</subfield><subfield code="b">Indiana</subfield><subfield code="c">Jefferson</subfield><subfield code="d">Madison.</subfield></datafield><datafield ind1="1" ind2=" " tag="775"><subfield code="t">Madison daily courier (Madison, Ind. : 1869)</subfield><subfield code="w">(DLC)sn 85048034</subfield><subfield code="w">(OCoLC)12442170</subfield></datafield><datafield ind1="1" ind2=" " tag="775"><subfield code="t">Madison courier (Madison, Ind. : Daily)</subfield><subfield code="w">(DLC)sn 85048036</subfield><subfield code="w">(OCoLC)12442598</subfield></datafield><datafield ind1="0" ind2="8" tag="776"><subfield code="i">Online version:</subfield><subfield code="t">Madison weekly courier (Madison, Ind. : 1877 : Online)</subfield><subfield code="w">(OCoLC)192107386</subfield></datafield><datafield ind1="0" ind2="0" tag="780"><subfield code="t">Madison courier (Madison, Ind. : 1872)</subfield><subfield code="w">(DLC)sn 84037935</subfield><subfield code="w">(OCoLC)11162345</subfield></datafield><datafield ind1="1" ind2="5" tag="780"><subfield code="t">Dollar weekly star</subfield><subfield code="w">(DLC)sn 85048032</subfield><subfield code="w">(OCoLC)12486007</subfield></datafield><datafield ind1="0" ind2="0" tag="785"><subfield code="t">Madison courier (Madison, Ind. : 1893)</subfield><subfield code="w">(DLC)sn 85048038</subfield><subfield code="w">(OCoLC)12444498</subfield></datafield><datafield ind1=" " ind2=" " tag="938"><subfield code="a">Kirtas Technologies, Inc.</subfield><subfield code="b">KRTS</subfield><subfield code="n">736996</subfield></datafield></record>